
@inproceedings{bimodepaper,
    author    = "Chih-Chieh Lee, I-Cheng K. Chen, and Trevor N. Mudge",
    title     = "The Bi-Mode Branch Predictor ",
    year      = "1997",
    address   = "1301 Beal Ave., Ann Arbor, Michigan"
}

@inproceedings{agreepaper,
  author = "Eric Sprangle, Robert S.Chappell, Mitch Alsup, and Yale N. Patt",
  title = "The Agree Predictor: A Mechanism for Reducing Negative Branch History Interference"
}

@inproceedings{gsharepaper,
  author = "T.Y.Yeh and Y. Patt",
  title = "Two-level adaptive branch prediction",
  month = "Nov.",
  year = "1991"
}
